@article{Nelder1965NelderMead,
  title={A simplex method for function minimization},
  author={Nelder, John A and Mead, Roger},
  journal={The Computer Journal},
  volume={7},
  number={4},
  pages={308--313},
  year={1965},
  publisher={Br Computer Soc}
}
@article{Wolfe1969Conditions1,
  title={Convergence conditions for ascent methods},
  author={Wolfe, Philip},
  journal={SIAM review},
  volume={11},
  number={2},
  pages={226--235},
  year={1969},
  publisher={SIAM}
}
@article{Wolfe1971Conditions2,
  title={Convergence conditions for ascent methods. II: Some corrections},
  author={Wolfe, Philip},
  journal={SIAM review},
  volume={13},
  number={2},
  pages={185--188},
  year={1971},
  publisher={SIAM}
}
